
SupremaPoker Hand #2627223300176:  5 Card Omaha Pot Limit (¥0.50/¥1 CNY) - 2024/07/15 20:57:23 UTC
Table 'ClubId:14625,Table:SPMA_14625_26272233' 6-max Seat #2 is the button
Seat 1: 1188686 (¥134.10 in chips)
Seat 2: 1167197 (¥97.95 in chips)
Seat 3: 1081680 (¥188.95 in chips)
Seat 4: 657898 (¥100 in chips)
Seat 5: 462907 (¥47.20 in chips)
Seat 6: 1123546 (¥104.45 in chips)
1081680: posts small blind ¥0.50
657898: posts big blind ¥1
*** HOLE CARDS ***
Dealt to 657898 [2c Th 9h 3h 5s]
462907: folds
1123546: folds
1188686: raises ¥2.50 to ¥3.50
1167197: folds
1081680: folds
657898: folds
Uncalled bet (¥2.50) returned to 1188686
1188686 collected ¥2.50 from pot
*** SUMMARY ***
Total pot ¥2.50 | Rake ¥0
Seat 1: 1188686 collected (¥2.50)
Seat 2: 1167197 (button) folded before Flop (didn't bet)
Seat 3: 1081680 (small blind) folded before Flop
Seat 4: 657898 (big blind) folded before Flop
Seat 5: 462907 folded before Flop (didn't bet)
Seat 6: 1123546 folded before Flop (didn't bet)
Hand ended at 2024/07/15 20:57:49

SupremaPoker Hand #2627223300177:  5 Card Omaha Pot Limit (¥0.50/¥1 CNY) - 2024/07/15 20:57:56 UTC
Table 'ClubId:14625,Table:SPMA_14625_26272233' 6-max Seat #3 is the button
Seat 1: 1188686 (¥135.60 in chips)
Seat 2: 1167197 (¥97.95 in chips)
Seat 3: 1081680 (¥188.45 in chips)
Seat 4: 657898 (¥99 in chips)
Seat 5: 462907 (¥47.20 in chips)
Seat 6: 1123546 (¥104.45 in chips)
657898: posts small blind ¥0.50
462907: posts big blind ¥1
*** HOLE CARDS ***
Dealt to 657898 [7c 2d Jh 5s Js]
1123546: folds
1188686: raises ¥2.50 to ¥3.50
1167197: folds
1081680: calls ¥3.50
657898: folds
462907: calls ¥2.50
*** FLOP *** [Kh Ks 3s] {Rake: ¥0}
462907: checks
1188686: bets ¥5.50
1081680: folds
462907: raises ¥22 to ¥27.50
1188686: raises ¥22 to ¥49.50
462907: calls ¥16.20 and is all-in
Uncalled bet (¥5.80) returned to 1188686
*** TURN *** [Kh Ks 3s] [Kc] {Rake: ¥5.45}
*** RIVER *** [Kh Ks 3s Kc] [6s] {Rake: ¥5.45}
*** SHOW DOWN ***
462907: mucks hand
1188686: mucks hand
462907 collected ¥92.95 from pot
*** SUMMARY ***
Total pot ¥98.40 | Rake ¥5.45
Board [Kh Ks 3s Kc 6s]
Seat 1: 1188686 showed [8d 5c As 7s Ah]
Seat 2: 1167197 folded before Flop (didn't bet)
Seat 3: 1081680 (button) folded on the Flop
Seat 4: 657898 (small blind) folded before Flop
Seat 5: 462907 (big blind) showed [9h 3c Qd Kd Ac]
Seat 6: 1123546 folded before Flop (didn't bet)
Hand ended at 2024/07/15 20:58:52

SupremaPoker Hand #2627223300178:  5 Card Omaha Pot Limit (¥0.50/¥1 CNY) - 2024/07/15 20:59:01 UTC
Table 'ClubId:14625,Table:SPMA_14625_26272233' 6-max Seat #4 is the button
Seat 1: 1188686 (¥100 in chips)
Seat 2: 1167197 (¥97.95 in chips)
Seat 3: 1081680 (¥184.95 in chips)
Seat 4: 657898 (¥98.50 in chips)
Seat 5: 462907 (¥92.95 in chips)
Seat 6: 1123546 (¥104.45 in chips)
462907: posts small blind ¥0.50
1123546: posts big blind ¥1
*** HOLE CARDS ***
Dealt to 657898 [Jc 6c 9d 3h 8h]
1188686: raises ¥2.50 to ¥3.50
1167197: folds
1081680: folds
657898: folds
462907: calls ¥3
1123546: folds
*** FLOP *** [7d 2d 3c] {Rake: ¥0}
462907: checks
1188686: checks
*** TURN *** [7d 2d 3c] [3d] {Rake: ¥0}
462907: checks
1188686: checks
*** RIVER *** [7d 2d 3c 3d] [Ks] {Rake: ¥0}
462907: bets ¥5.30
1188686: folds
Uncalled bet (¥5.30) returned to 462907
462907 collected ¥7.60 from pot
*** SUMMARY ***
Total pot ¥8 | Rake ¥0.40
Board [7d 2d 3c 3d Ks]
Seat 1: 1188686 folded on the River
Seat 2: 1167197 folded before Flop (didn't bet)
Seat 3: 1081680 folded before Flop (didn't bet)
Seat 4: 657898 (button) folded before Flop (didn't bet)
Seat 5: 462907 (small blind) collected (¥7.60)
Seat 6: 1123546 (big blind) folded before Flop
Hand ended at 2024/07/15 20:59:32

SupremaPoker Hand #2627223300179:  5 Card Omaha Pot Limit (¥0.50/¥1 CNY) - 2024/07/15 20:59:38 UTC
Table 'ClubId:14625,Table:SPMA_14625_26272233' 6-max Seat #5 is the button
Seat 1: 1188686 (¥100 in chips)
Seat 3: 1081680 (¥184.95 in chips)
Seat 4: 657898 (¥98.50 in chips)
Seat 5: 462907 (¥97.05 in chips)
Seat 6: 1123546 (¥103.45 in chips)
1123546: posts small blind ¥0.50
1188686: posts big blind ¥1
*** HOLE CARDS ***
Dealt to 657898 [Td Kc Kd 7d 2s]
1081680: folds
657898: calls ¥1
462907: calls ¥1
1123546: folds
1188686: checks
*** FLOP *** [4d 8s 2c] {Rake: ¥0}
1188686: checks
657898: checks
462907: bets ¥1.75
1188686: folds
657898: folds
Uncalled bet (¥1.75) returned to 462907
462907 collected ¥3.50 from pot
*** SUMMARY ***
Total pot ¥3.50 | Rake ¥0
Board [4d 8s 2c]
Seat 1: 1188686 (big blind) folded on the Flop
Seat 3: 1081680 folded before Flop (didn't bet)
Seat 4: 657898 folded on the Flop
Seat 5: 462907 (button) collected (¥3.50)
Seat 6: 1123546 (small blind) folded before Flop
Hand ended at 2024/07/15 21:00:46

SupremaPoker Hand #2627223300180:  5 Card Omaha Pot Limit (¥0.50/¥1 CNY) - 2024/07/15 21:00:52 UTC
Table 'ClubId:14625,Table:SPMA_14625_26272233' 6-max Seat #6 is the button
Seat 1: 1188686 (¥100 in chips)
Seat 3: 1081680 (¥184.95 in chips)
Seat 4: 657898 (¥97.50 in chips)
Seat 5: 462907 (¥99.55 in chips)
Seat 6: 1123546 (¥102.95 in chips)
1188686: posts small blind ¥0.50
1081680: posts big blind ¥1
657898: posts straddle ¥2
*** HOLE CARDS ***
Dealt to 657898 [Tc Js 3s Qd 9s]
462907: calls ¥2
1123546: folds
1188686: folds
1081680: folds
657898: checks
*** FLOP *** [2s Jd 8s] {Rake: ¥0}
657898: checks
462907: bets ¥2.50
657898: calls ¥2.50
*** TURN *** [2s Jd 8s] [5d] {Rake: ¥0}
657898: checks
462907: checks
*** RIVER *** [2s Jd 8s 5d] [As] {Rake: ¥0}
657898: checks
462907: bets ¥8
657898: calls ¥8
*** SHOW DOWN ***
462907: mucks hand
657898: mucks hand
462907 collected ¥24.65 from pot
*** SUMMARY ***
Total pot ¥26.50 | Rake ¥1.85
Board [2s Jd 8s 5d As]
Seat 1: 1188686 (small blind) folded before Flop
Seat 3: 1081680 (big blind) folded before Flop
Seat 4: 657898 (straddle) mucked
Seat 5: 462907 showed [7s Kd Ks Th 2c]
Seat 6: 1123546 (button) folded before Flop (didn't bet)
Hand ended at 2024/07/15 21:01:53

SupremaPoker Hand #2627223300181:  5 Card Omaha Pot Limit (¥0.50/¥1 CNY) - 2024/07/15 21:02:02 UTC
Table 'ClubId:14625,Table:SPMA_14625_26272233' 6-max Seat #1 is the button
Seat 1: 1188686 (¥100 in chips)
Seat 3: 1081680 (¥183.95 in chips)
Seat 4: 657898 (¥85 in chips)
Seat 5: 462907 (¥111.70 in chips)
Seat 6: 1123546 (¥102.95 in chips)
1081680: posts small blind ¥0.50
657898: posts big blind ¥1
*** HOLE CARDS ***
Dealt to 657898 [4s As Td Th 9d]
462907: calls ¥1
1123546: folds
1188686: raises ¥3.50 to ¥4.50
1081680: folds
657898: calls ¥3.50
462907: calls ¥3.50
*** FLOP *** [2d 5s 2s] {Rake: ¥0}
657898: checks
462907: checks
1188686: bets ¥9.30
657898: calls ¥9.30
462907: folds
*** TURN *** [2d 5s 2s] [9h] {Rake: ¥0}
657898: checks
1188686: bets ¥16.30
657898: calls ¥16.30
*** RIVER *** [2d 5s 2s 9h] [6c] {Rake: ¥0}
657898: checks
1188686: checks
*** SHOW DOWN ***
657898: shows [4s As Td Th 9d] (two pair, Tens and Deuces)
1188686: mucks hand
1188686 collected ¥61.40 from pot
*** SUMMARY ***
Total pot ¥65.20 | Rake ¥3.80
Board [2d 5s 2s 9h 6c]
Seat 1: 1188686 (button) showed [2c Jc Ks Js 8d]
Seat 3: 1081680 (small blind) folded before Flop
Seat 4: 657898 (big blind) showed [4s As Td Th 9d] and lost with two pair, Tens and Deuces
Seat 5: 462907 folded on the Flop
Seat 6: 1123546 folded before Flop (didn't bet)
Hand ended at 2024/07/15 21:03:18

SupremaPoker Hand #2627223300182:  5 Card Omaha Pot Limit (¥0.50/¥1 CNY) - 2024/07/15 21:03:26 UTC
Table 'ClubId:14625,Table:SPMA_14625_26272233' 6-max Seat #3 is the button
Seat 1: 1188686 (¥131.30 in chips)
Seat 3: 1081680 (¥183.45 in chips)
Seat 4: 657898 (¥54.90 in chips)
Seat 5: 462907 (¥107.20 in chips)
Seat 6: 1123546 (¥102.95 in chips)
657898: posts small blind ¥0.50
462907: posts big blind ¥1
*** HOLE CARDS ***
Dealt to 657898 [2h Jh 6d 5d Qc]
1123546: folds
1188686: folds
1081680: folds
657898: folds
Uncalled bet (¥0.50) returned to 462907
462907 collected ¥1 from pot
*** SUMMARY ***
Total pot ¥1 | Rake ¥0
Seat 1: 1188686 folded before Flop (didn't bet)
Seat 3: 1081680 (button) folded before Flop (didn't bet)
Seat 4: 657898 (small blind) folded before Flop
Seat 5: 462907 (big blind) collected (¥1)
Seat 6: 1123546 folded before Flop (didn't bet)
Hand ended at 2024/07/15 21:03:49

SupremaPoker Hand #2627223300183:  5 Card Omaha Pot Limit (¥0.50/¥1 CNY) - 2024/07/15 21:03:56 UTC
Table 'ClubId:14625,Table:SPMA_14625_26272233' 6-max Seat #4 is the button
Seat 1: 1188686 (¥131.30 in chips)
Seat 2: 558334 (¥50 in chips)
Seat 3: 1081680 (¥183.45 in chips)
Seat 4: 657898 (¥99.50 in chips)
Seat 5: 462907 (¥107.70 in chips)
Seat 6: 1123546 (¥102.95 in chips)
462907: posts small blind ¥0.50
1123546: posts big blind ¥1
558334: posts big blind ¥1
*** HOLE CARDS ***
Dealt to 657898 [3d Kc Kh Qh Jh]
1188686: raises ¥3.50 to ¥4.50
558334: calls ¥3.50
1081680: folds
657898: calls ¥4.50
462907: calls ¥4
1123546: folds
*** FLOP *** [6s 3h Th] {Rake: ¥0}
462907: checks
1188686: bets ¥9.50
558334: raises ¥36 to ¥45.50 and is all-in
657898: folds
462907: folds
1188686: calls ¥36
*** TURN *** [6s 3h Th] [3s] {Rake: ¥5.50}
*** RIVER *** [6s 3h Th 3s] [2d] {Rake: ¥5.50}
*** SHOW DOWN ***
1188686: mucks hand
558334: mucks hand
558334 collected ¥104.50 from pot
*** SUMMARY ***
Total pot ¥110 | Rake ¥5.50
Board [6s 3h Th 3s 2d]
Seat 1: 1188686 showed [6c 7h 4s Ah As]
Seat 2: 558334 showed [6h Ts 8c 7d Td]
Seat 3: 1081680 folded before Flop (didn't bet)
Seat 4: 657898 (button) folded on the Flop
Seat 5: 462907 (small blind) folded on the Flop
Seat 6: 1123546 (big blind) folded before Flop
Hand ended at 2024/07/15 21:04:47

SupremaPoker Hand #2627223300184:  5 Card Omaha Pot Limit (¥0.50/¥1 CNY) - 2024/07/15 21:04:59 UTC
Table 'ClubId:14625,Table:SPMA_14625_26272233' 6-max Seat #5 is the button
Seat 1: 1188686 (¥100 in chips)
Seat 2: 558334 (¥104.50 in chips)
Seat 3: 1081680 (¥183.45 in chips)
Seat 4: 657898 (¥95 in chips)
Seat 5: 462907 (¥103.20 in chips)
Seat 6: 1123546 (¥101.95 in chips)
1123546: posts small blind ¥0.50
1188686: posts big blind ¥1
*** HOLE CARDS ***
Dealt to 657898 [4d 4c 3h 7c Kh]
558334: folds
1081680: folds
657898: folds
462907: folds
1123546: raises ¥2 to ¥3
1188686: folds
Uncalled bet (¥2) returned to 1123546
1123546 collected ¥2 from pot
*** SUMMARY ***
Total pot ¥2 | Rake ¥0
Seat 1: 1188686 (big blind) folded before Flop
Seat 2: 558334 folded before Flop (didn't bet)
Seat 3: 1081680 folded before Flop (didn't bet)
Seat 4: 657898 folded before Flop (didn't bet)
Seat 5: 462907 (button) folded before Flop (didn't bet)
Seat 6: 1123546 (small blind) collected (¥2)
Hand ended at 2024/07/15 21:05:11

SupremaPoker Hand #2627223300185:  5 Card Omaha Pot Limit (¥0.50/¥1 CNY) - 2024/07/15 21:05:18 UTC
Table 'ClubId:14625,Table:SPMA_14625_26272233' 6-max Seat #6 is the button
Seat 1: 1188686 (¥100 in chips)
Seat 2: 558334 (¥104.50 in chips)
Seat 4: 657898 (¥95 in chips)
Seat 5: 462907 (¥103.20 in chips)
Seat 6: 1123546 (¥102.95 in chips)
1188686: posts small blind ¥0.50
558334: posts big blind ¥1
*** HOLE CARDS ***
Dealt to 657898 [7h 5h 9c Td 3s]
657898: folds
462907: folds
1123546: folds
1188686: folds
Uncalled bet (¥0.50) returned to 558334
558334 collected ¥1 from pot
*** SUMMARY ***
Total pot ¥1 | Rake ¥0
Seat 1: 1188686 (small blind) folded before Flop
Seat 2: 558334 (big blind) collected (¥1)
Seat 4: 657898 folded before Flop (didn't bet)
Seat 5: 462907 folded before Flop (didn't bet)
Seat 6: 1123546 (button) folded before Flop (didn't bet)
Hand ended at 2024/07/15 21:05:41

SupremaPoker Hand #2627223300186:  5 Card Omaha Pot Limit (¥0.50/¥1 CNY) - 2024/07/15 21:05:47 UTC
Table 'ClubId:14625,Table:SPMA_14625_26272233' 6-max Seat #1 is the button
Seat 1: 1188686 (¥100 in chips)
Seat 2: 558334 (¥105 in chips)
Seat 3: 1121928 (¥50 in chips)
Seat 4: 657898 (¥95 in chips)
Seat 5: 462907 (¥103.20 in chips)
Seat 6: 1123546 (¥102.95 in chips)
558334: posts small blind ¥0.50
1121928: posts big blind ¥1
*** HOLE CARDS ***
Dealt to 657898 [Qs 2d 6c 9s Ts]
657898: folds
462907: folds
1123546: folds
1188686: raises ¥2.50 to ¥3.50
558334: folds
1121928: folds
Uncalled bet (¥2.50) returned to 1188686
1188686 collected ¥2.50 from pot
*** SUMMARY ***
Total pot ¥2.50 | Rake ¥0
Seat 1: 1188686 (button) collected (¥2.50)
Seat 2: 558334 (small blind) folded before Flop
Seat 3: 1121928 (big blind) folded before Flop
Seat 4: 657898 folded before Flop (didn't bet)
Seat 5: 462907 folded before Flop (didn't bet)
Seat 6: 1123546 folded before Flop (didn't bet)
Hand ended at 2024/07/15 21:06:10

SupremaPoker Hand #2627223300187:  5 Card Omaha Pot Limit (¥0.50/¥1 CNY) - 2024/07/15 21:06:16 UTC
Table 'ClubId:14625,Table:SPMA_14625_26272233' 6-max Seat #2 is the button
Seat 1: 1188686 (¥101.50 in chips)
Seat 2: 558334 (¥104.50 in chips)
Seat 3: 1121928 (¥49 in chips)
Seat 4: 657898 (¥95 in chips)
Seat 5: 462907 (¥103.20 in chips)
Seat 6: 1123546 (¥102.95 in chips)
1121928: posts small blind ¥0.50
657898: posts big blind ¥1
*** HOLE CARDS ***
Dealt to 657898 [9d 6s 8h Th 2d]
462907: raises ¥2.50 to ¥3.50
1123546: folds
1188686: raises ¥8.50 to ¥12
558334: folds
1121928: folds
657898: calls ¥11
462907: calls ¥8.50
*** FLOP *** [7c 4c Qh] {Rake: ¥0}
657898: checks
462907: checks
1188686: bets ¥36.50
657898: folds
462907: folds
Uncalled bet (¥36.50) returned to 1188686
1188686 collected ¥34.15 from pot
*** SUMMARY ***
Total pot ¥36.50 | Rake ¥2.35
Board [7c 4c Qh]
Seat 1: 1188686 collected (¥34.15)
Seat 2: 558334 (button) folded before Flop (didn't bet)
Seat 3: 1121928 (small blind) folded before Flop
Seat 4: 657898 (big blind) folded on the Flop
Seat 5: 462907 folded on the Flop
Seat 6: 1123546 folded before Flop (didn't bet)
Hand ended at 2024/07/15 21:07:16

SupremaPoker Hand #2627223300188:  5 Card Omaha Pot Limit (¥0.50/¥1 CNY) - 2024/07/15 21:07:23 UTC
Table 'ClubId:14625,Table:SPMA_14625_26272233' 6-max Seat #3 is the button
Seat 1: 1188686 (¥123.65 in chips)
Seat 2: 558334 (¥104.50 in chips)
Seat 3: 1121928 (¥48.50 in chips)
Seat 4: 657898 (¥83 in chips)
Seat 5: 462907 (¥91.20 in chips)
Seat 6: 1123546 (¥102.95 in chips)
657898: posts small blind ¥0.50
462907: posts big blind ¥1
*** HOLE CARDS ***
Dealt to 657898 [7d 5c 8c 5s 2s]
1123546: folds
1188686: folds
558334: calls ¥1
1121928: folds
657898: calls ¥0.50
462907: raises ¥3 to ¥4
558334: calls ¥3
657898: calls ¥3
*** FLOP *** [6h Qh Jc] {Rake: ¥0}
657898: checks
462907: checks
558334: checks
*** TURN *** [6h Qh Jc] [6c] {Rake: ¥0}
657898: checks
462907: bets ¥7.50
558334: folds
657898: folds
Uncalled bet (¥7.50) returned to 462907
462907 collected ¥11.40 from pot
*** SUMMARY ***
Total pot ¥12 | Rake ¥0.60
Board [6h Qh Jc 6c]
Seat 1: 1188686 folded before Flop (didn't bet)
Seat 2: 558334 folded on the Turn
Seat 3: 1121928 (button) folded before Flop (didn't bet)
Seat 4: 657898 (small blind) folded on the Turn
Seat 5: 462907 (big blind) collected (¥11.40)
Seat 6: 1123546 folded before Flop (didn't bet)
Hand ended at 2024/07/15 21:08:09

SupremaPoker Hand #2627223300189:  5 Card Omaha Pot Limit (¥0.50/¥1 CNY) - 2024/07/15 21:08:15 UTC
Table 'ClubId:14625,Table:SPMA_14625_26272233' 6-max Seat #4 is the button
Seat 1: 1188686 (¥123.65 in chips)
Seat 2: 558334 (¥100.50 in chips)
Seat 3: 1121928 (¥48.50 in chips)
Seat 4: 657898 (¥79 in chips)
Seat 5: 462907 (¥98.60 in chips)
Seat 6: 1123546 (¥102.95 in chips)
462907: posts small blind ¥0.50
1123546: posts big blind ¥1
*** HOLE CARDS ***
Dealt to 657898 [Ad 5c 7d Ah Qc]
1188686: folds
558334: raises ¥2.50 to ¥3.50
1121928: calls ¥3.50
657898: raises ¥12 to ¥15.50
462907: folds
1123546: folds
558334: calls ¥12
1121928: calls ¥12
*** FLOP *** [3c 7h Ks] {Rake: ¥0}
558334: checks
1121928: checks
657898: checks
*** TURN *** [3c 7h Ks] [Qh] {Rake: ¥0}
558334: bets ¥36
1121928: calls ¥33 and is all-in
657898: folds
Uncalled bet (¥3) returned to 558334
*** RIVER *** [3c 7h Ks Qh] [7s] {Rake: ¥5.50}
*** SHOW DOWN ***
558334: mucks hand
1121928: mucks hand
558334 collected ¥108.50 from pot
*** SUMMARY ***
Total pot ¥114 | Rake ¥5.50
Board [3c 7h Ks Qh 7s]
Seat 1: 1188686 folded before Flop (didn't bet)
Seat 2: 558334 showed [Kd Js Tc 9c Kc]
Seat 3: 1121928 showed [Td Kh 9h Jc 8c]
Seat 4: 657898 (button) folded on the Turn
Seat 5: 462907 (small blind) folded before Flop
Seat 6: 1123546 (big blind) folded before Flop
Hand ended at 2024/07/15 21:09:35

SupremaPoker Hand #2627223300190:  5 Card Omaha Pot Limit (¥0.50/¥1 CNY) - 2024/07/15 21:09:44 UTC
Table 'ClubId:14625,Table:SPMA_14625_26272233' 6-max Seat #5 is the button
Seat 2: 558334 (¥160.50 in chips)
Seat 4: 657898 (¥63.50 in chips)
Seat 5: 462907 (¥98.10 in chips)
558334: posts big blind ¥1
*** HOLE CARDS ***
Dealt to 657898 [9d 7h Jc Th 9s]
657898: raises ¥2 to ¥3
462907: calls ¥3
558334: folds
*** FLOP *** [8d Ac 4s] {Rake: ¥0}
657898: checks
462907: checks
*** TURN *** [8d Ac 4s] [5c] {Rake: ¥0}
657898: checks
462907: bets ¥4.65
657898: folds
Uncalled bet (¥4.65) returned to 462907
462907 collected ¥6.65 from pot
*** SUMMARY ***
Total pot ¥7 | Rake ¥0.35
Board [8d Ac 4s 5c]
Seat 2: 558334 (big blind) folded before Flop
Seat 4: 657898 folded on the Turn
Seat 5: 462907 (button) collected (¥6.65)
Hand ended at 2024/07/15 21:10:36

SupremaPoker Hand #2627223300191:  5 Card Omaha Pot Limit (¥0.50/¥1 CNY) - 2024/07/15 21:10:42 UTC
Table 'ClubId:14625,Table:SPMA_14625_26272233' 6-max Seat #5 is the button
Seat 2: 558334 (¥159.50 in chips)
Seat 4: 657898 (¥60.50 in chips)
Seat 5: 462907 (¥101.75 in chips)
558334: posts small blind ¥0.50
657898: posts big blind ¥1
*** HOLE CARDS ***
Dealt to 657898 [3s Qh 5s Jc Jh]
462907: folds
558334: raises ¥2 to ¥3
657898: calls ¥2
*** FLOP *** [Ah Ac Kh] {Rake: ¥0}
558334: checks
657898: checks
*** TURN *** [Ah Ac Kh] [Qc] {Rake: ¥0}
558334: bets ¥3
657898: calls ¥3
*** RIVER *** [Ah Ac Kh Qc] [Ad] {Rake: ¥0}
558334: checks
657898: checks
*** SHOW DOWN ***
558334: mucks hand
657898: shows [3s Qh 5s Jc Jh] (a full house, Aces full of Jacks)
657898 collected ¥11.40 from pot
*** SUMMARY ***
Total pot ¥12 | Rake ¥0.60
Board [Ah Ac Kh Qc Ad]
Seat 2: 558334 (small blind) showed [7c Ts Jd 9d 3h]
Seat 4: 657898 (big blind) showed [3s Qh 5s Jc Jh] and won (¥11.40) with a full house, Aces full of Jacks
Seat 5: 462907 (button) folded before Flop (didn't bet)
Hand ended at 2024/07/15 21:11:15

SupremaPoker Hand #2627223300192:  5 Card Omaha Pot Limit (¥0.50/¥1 CNY) - 2024/07/15 21:11:24 UTC
Table 'ClubId:14625,Table:SPMA_14625_26272233' 6-max Seat #2 is the button
Seat 2: 558334 (¥153.50 in chips)
Seat 4: 657898 (¥100 in chips)
Seat 5: 462907 (¥101.75 in chips)
657898: posts small blind ¥0.50
462907: posts big blind ¥1
*** HOLE CARDS ***
Dealt to 657898 [9h 7h 4s 4c Tc]
558334: folds
657898: calls ¥0.50
462907: checks
*** FLOP *** [5s Qc 6c] {Rake: ¥0}
657898: checks
462907: checks
*** TURN *** [5s Qc 6c] [Th] {Rake: ¥0}
657898: checks
462907: checks
*** RIVER *** [5s Qc 6c Th] [5d] {Rake: ¥0}
657898: checks
462907: checks
*** SHOW DOWN ***
657898: shows [9h 7h 4s 4c Tc] (two pair, Tens and Fives)
462907: mucks hand
462907 collected ¥2 from pot
*** SUMMARY ***
Total pot ¥2 | Rake ¥0
Board [5s Qc 6c Th 5d]
Seat 2: 558334 (button) folded before Flop (didn't bet)
Seat 4: 657898 (small blind) showed [9h 7h 4s 4c Tc] and lost with two pair, Tens and Fives
Seat 5: 462907 (big blind) showed [5c 9d Ks 3d 7d]
Hand ended at 2024/07/15 21:12:08

SupremaPoker Hand #2627223300193:  5 Card Omaha Pot Limit (¥0.50/¥1 CNY) - 2024/07/15 21:12:17 UTC
Table 'ClubId:14625,Table:SPMA_14625_26272233' 6-max Seat #4 is the button
Seat 2: 558334 (¥153.50 in chips)
Seat 4: 657898 (¥99 in chips)
Seat 5: 462907 (¥102.75 in chips)
462907: posts small blind ¥0.50
558334: posts big blind ¥1
*** HOLE CARDS ***
Dealt to 657898 [9c 3h Qc Td Qs]
657898: raises ¥2.50 to ¥3.50
462907: folds
558334: calls ¥2.50
*** FLOP *** [2c Ks 3s] {Rake: ¥0}
558334: checks
657898: checks
*** TURN *** [2c Ks 3s] [Kc] {Rake: ¥0}
558334: bets ¥4.25
657898: calls ¥4.25
*** RIVER *** [2c Ks 3s Kc] [Kd] {Rake: ¥0}
558334: checks
657898: bets ¥8
558334: folds
Uncalled bet (¥8) returned to 657898
657898 collected ¥15.20 from pot
*** SUMMARY ***
Total pot ¥16 | Rake ¥0.80
Board [2c Ks 3s Kc Kd]
Seat 2: 558334 (big blind) folded on the River
Seat 4: 657898 (button) collected (¥15.20)
Seat 5: 462907 (small blind) folded before Flop
Hand ended at 2024/07/15 21:12:58

SupremaPoker Hand #2627223300194:  5 Card Omaha Pot Limit (¥0.50/¥1 CNY) - 2024/07/15 21:13:05 UTC
Table 'ClubId:14625,Table:SPMA_14625_26272233' 6-max Seat #5 is the button
Seat 2: 558334 (¥145.75 in chips)
Seat 3: 1048775 (¥90 in chips)
Seat 4: 657898 (¥106.45 in chips)
Seat 5: 462907 (¥102.25 in chips)
558334: posts small blind ¥0.50
1048775: posts big blind ¥1
*** HOLE CARDS ***
Dealt to 657898 [9h As 8d Td 2c]
657898: folds
462907: folds
558334: raises ¥1 to ¥2
1048775: folds
Uncalled bet (¥1) returned to 558334
558334 collected ¥2 from pot
*** SUMMARY ***
Total pot ¥2 | Rake ¥0
Seat 2: 558334 (small blind) collected (¥2)
Seat 3: 1048775 (big blind) folded before Flop
Seat 4: 657898 folded before Flop (didn't bet)
Seat 5: 462907 (button) folded before Flop (didn't bet)
Hand ended at 2024/07/15 21:13:39

SupremaPoker Hand #2627223300195:  5 Card Omaha Pot Limit (¥0.50/¥1 CNY) - 2024/07/15 21:13:46 UTC
Table 'ClubId:14625,Table:SPMA_14625_26272233' 6-max Seat #2 is the button
Seat 2: 558334 (¥146.75 in chips)
Seat 3: 1048775 (¥89 in chips)
Seat 4: 657898 (¥106.45 in chips)
Seat 5: 462907 (¥102.25 in chips)
1048775: posts small blind ¥0.50
657898: posts big blind ¥1
*** HOLE CARDS ***
Dealt to 657898 [8h 6c Jd 4h Qc]
462907: calls ¥1
558334: folds
1048775: folds
657898: checks
*** FLOP *** [Th 5d Ac] {Rake: ¥0}
657898: checks
462907: checks
*** TURN *** [Th 5d Ac] [Qh] {Rake: ¥0}
657898: checks
462907: bets ¥1.85
657898: folds
Uncalled bet (¥1.85) returned to 462907
462907 collected ¥2.50 from pot
*** SUMMARY ***
Total pot ¥2.50 | Rake ¥0
Board [Th 5d Ac Qh]
Seat 2: 558334 (button) folded before Flop (didn't bet)
Seat 3: 1048775 (small blind) folded before Flop
Seat 4: 657898 (big blind) folded on the Turn
Seat 5: 462907 collected (¥2.50)
Hand ended at 2024/07/15 21:14:33

SupremaPoker Hand #2627223300196:  5 Card Omaha Pot Limit (¥0.50/¥1 CNY) - 2024/07/15 21:14:39 UTC
Table 'ClubId:14625,Table:SPMA_14625_26272233' 6-max Seat #3 is the button
Seat 2: 558334 (¥146.75 in chips)
Seat 3: 1048775 (¥88.50 in chips)
Seat 4: 657898 (¥105.45 in chips)
Seat 5: 462907 (¥103.75 in chips)
657898: posts small blind ¥0.50
462907: posts big blind ¥1
*** HOLE CARDS ***
Dealt to 657898 [5d 4c Kc 5h 2d]
558334: raises ¥1 to ¥2
1048775: folds
657898: folds
462907: folds
Uncalled bet (¥1) returned to 558334
558334 collected ¥2.50 from pot
*** SUMMARY ***
Total pot ¥2.50 | Rake ¥0
Seat 2: 558334 collected (¥2.50)
Seat 3: 1048775 (button) folded before Flop (didn't bet)
Seat 4: 657898 (small blind) folded before Flop
Seat 5: 462907 (big blind) folded before Flop
Hand ended at 2024/07/15 21:15:03

SupremaPoker Hand #2627223300197:  5 Card Omaha Pot Limit (¥0.50/¥1 CNY) - 2024/07/15 21:15:10 UTC
Table 'ClubId:14625,Table:SPMA_14625_26272233' 6-max Seat #4 is the button
Seat 2: 558334 (¥148.25 in chips)
Seat 3: 1048775 (¥88.50 in chips)
Seat 4: 657898 (¥104.95 in chips)
Seat 5: 462907 (¥102.75 in chips)
Seat 6: 686082 (¥100 in chips)
462907: posts small blind ¥0.50
686082: posts big blind ¥1
*** HOLE CARDS ***
Dealt to 657898 [3c 3h 7d Kd 5h]
558334: raises ¥2.50 to ¥3.50
1048775: folds
657898: folds
462907: folds
686082: folds
Uncalled bet (¥2.50) returned to 558334
558334 collected ¥2.50 from pot
*** SUMMARY ***
Total pot ¥2.50 | Rake ¥0
Seat 2: 558334 collected (¥2.50)
Seat 3: 1048775 folded before Flop (didn't bet)
Seat 4: 657898 (button) folded before Flop (didn't bet)
Seat 5: 462907 (small blind) folded before Flop
Seat 6: 686082 (big blind) folded before Flop
Hand ended at 2024/07/15 21:15:49

SupremaPoker Hand #2627223300198:  5 Card Omaha Pot Limit (¥0.50/¥1 CNY) - 2024/07/15 21:15:56 UTC
Table 'ClubId:14625,Table:SPMA_14625_26272233' 6-max Seat #5 is the button
Seat 1: 1181371 (¥100 in chips)
Seat 2: 558334 (¥149.75 in chips)
Seat 3: 1048775 (¥88.50 in chips)
Seat 4: 657898 (¥104.95 in chips)
Seat 5: 462907 (¥102.25 in chips)
Seat 6: 686082 (¥100 in chips)
686082: posts small blind ¥0.50
1181371: posts big blind ¥1
*** HOLE CARDS ***
Dealt to 657898 [8s Ks 5d Ad Qc]
558334: raises ¥1 to ¥2
1048775: calls ¥2
657898: raises ¥7.50 to ¥9.50
462907: folds
686082: folds
1181371: calls ¥8.50
558334: calls ¥7.50
1048775: calls ¥7.50
*** FLOP *** [8c 9h 2c] {Rake: ¥0}
1181371: bets ¥19.25
558334: folds
1048775: folds
657898: folds
Uncalled bet (¥19.25) returned to 1181371
1181371 collected ¥36.05 from pot
*** SUMMARY ***
Total pot ¥38.50 | Rake ¥2.45
Board [8c 9h 2c]
Seat 1: 1181371 (big blind) collected (¥36.05)
Seat 2: 558334 folded on the Flop
Seat 3: 1048775 folded on the Flop
Seat 4: 657898 folded on the Flop
Seat 5: 462907 (button) folded before Flop (didn't bet)
Seat 6: 686082 (small blind) folded before Flop
Hand ended at 2024/07/15 21:17:10

SupremaPoker Hand #2627223300199:  5 Card Omaha Pot Limit (¥0.50/¥1 CNY) - 2024/07/15 21:17:16 UTC
Table 'ClubId:14625,Table:SPMA_14625_26272233' 6-max Seat #6 is the button
Seat 1: 1181371 (¥126.55 in chips)
Seat 2: 558334 (¥140.25 in chips)
Seat 3: 1048775 (¥79 in chips)
Seat 4: 657898 (¥95.45 in chips)
Seat 5: 462907 (¥102.25 in chips)
Seat 6: 686082 (¥100 in chips)
1181371: posts small blind ¥0.50
558334: posts big blind ¥1
*** HOLE CARDS ***
Dealt to 657898 [Ts 9d 2s Td Ac]
1048775: folds
657898: folds
462907: folds
686082: raises ¥2.50 to ¥3.50
1181371: folds
558334: calls ¥2.50
*** FLOP *** [3s Ad Js] {Rake: ¥0}
558334: checks
686082: checks
*** TURN *** [3s Ad Js] [7h] {Rake: ¥0}
558334: bets ¥5
686082: folds
Uncalled bet (¥5) returned to 558334
558334 collected ¥7.10 from pot
*** SUMMARY ***
Total pot ¥7.50 | Rake ¥0.40
Board [3s Ad Js 7h]
Seat 1: 1181371 (small blind) folded before Flop
Seat 2: 558334 (big blind) collected (¥7.10)
Seat 3: 1048775 folded before Flop (didn't bet)
Seat 4: 657898 folded before Flop (didn't bet)
Seat 5: 462907 folded before Flop (didn't bet)
Seat 6: 686082 (button) folded on the Turn
Hand ended at 2024/07/15 21:18:07

SupremaPoker Hand #2627223300200:  5 Card Omaha Pot Limit (¥0.50/¥1 CNY) - 2024/07/15 21:18:17 UTC
Table 'ClubId:14625,Table:SPMA_14625_26272233' 6-max Seat #1 is the button
Seat 1: 1181371 (¥126.05 in chips)
Seat 2: 558334 (¥143.85 in chips)
Seat 3: 1048775 (¥79 in chips)
Seat 4: 657898 (¥95.45 in chips)
Seat 5: 462907 (¥102.25 in chips)
Seat 6: 686082 (¥100 in chips)
558334: posts small blind ¥0.50
1048775: posts big blind ¥1
*** HOLE CARDS ***
Dealt to 657898 [5d Ts As Kh 8d]
657898: raises ¥2.50 to ¥3.50
462907: folds
686082: folds
1181371: calls ¥3.50
558334: calls ¥3
1048775: calls ¥2.50
*** FLOP *** [6c 3c 7h] {Rake: ¥0}
558334: checks
1048775: checks
657898: checks
1181371: checks
*** TURN *** [6c 3c 7h] [Ks] {Rake: ¥0}
558334: bets ¥10.50
1048775: folds
657898: folds
1181371: calls ¥10.50
*** RIVER *** [6c 3c 7h Ks] [Qh] {Rake: ¥0}
558334: checks
1181371: checks
*** SHOW DOWN ***
558334: mucks hand
1181371: mucks hand
1181371 collected ¥32.75 from pot
*** SUMMARY ***
Total pot ¥35 | Rake ¥2.25
Board [6c 3c 7h Ks Qh]
Seat 1: 1181371 (button) showed [7c Qs 5h Kd Th]
Seat 2: 558334 (small blind) showed [Jh 8h 9d Js Ad]
Seat 3: 1048775 (big blind) folded on the Turn
Seat 4: 657898 folded on the Turn
Seat 5: 462907 folded before Flop (didn't bet)
Seat 6: 686082 folded before Flop (didn't bet)
Hand ended at 2024/07/15 21:19:58

SupremaPoker Hand #2627223300201:  5 Card Omaha Pot Limit (¥0.50/¥1 CNY) - 2024/07/15 21:20:07 UTC
Table 'ClubId:14625,Table:SPMA_14625_26272233' 6-max Seat #2 is the button
Seat 1: 1181371 (¥144.80 in chips)
Seat 2: 558334 (¥129.85 in chips)
Seat 3: 1048775 (¥75.50 in chips)
Seat 4: 657898 (¥91.95 in chips)
Seat 5: 462907 (¥102.25 in chips)
Seat 6: 686082 (¥100 in chips)
1048775: posts small blind ¥0.50
657898: posts big blind ¥1
*** HOLE CARDS ***
Dealt to 657898 [7d 9s Jc 8h 8c]
462907: folds
686082: folds
1181371: raises ¥2 to ¥3
558334: folds
1048775: calls ¥2.50
657898: calls ¥2
*** FLOP *** [4h Qh Qs] {Rake: ¥0}
1048775: checks
657898: checks
1181371: bets ¥4.50
1048775: calls ¥4.50
657898: folds
*** TURN *** [4h Qh Qs] [7h] {Rake: ¥0}
1048775: checks
1181371: bets ¥13.50
1048775: folds
Uncalled bet (¥13.50) returned to 1181371
1181371 collected ¥17.10 from pot
*** SUMMARY ***
Total pot ¥18 | Rake ¥0.90
Board [4h Qh Qs 7h]
Seat 1: 1181371 collected (¥17.10)
Seat 2: 558334 (button) folded before Flop (didn't bet)
Seat 3: 1048775 (small blind) folded on the Turn
Seat 4: 657898 (big blind) folded on the Flop
Seat 5: 462907 folded before Flop (didn't bet)
Seat 6: 686082 folded before Flop (didn't bet)
Hand ended at 2024/07/15 21:21:43

SupremaPoker Hand #2627223300202:  5 Card Omaha Pot Limit (¥0.50/¥1 CNY) - 2024/07/15 21:21:49 UTC
Table 'ClubId:14625,Table:SPMA_14625_26272233' 6-max Seat #3 is the button
Seat 1: 1181371 (¥154.40 in chips)
Seat 2: 558334 (¥129.85 in chips)
Seat 3: 1048775 (¥68 in chips)
Seat 4: 657898 (¥100 in chips)
Seat 5: 462907 (¥102.25 in chips)
Seat 6: 686082 (¥100 in chips)
657898: posts small blind ¥0.50
462907: posts big blind ¥1
*** HOLE CARDS ***
Dealt to 657898 [9h 6c As 2s 5c]
686082: folds
1181371: folds
558334: folds
1048775: raises ¥2.50 to ¥3.50
657898: calls ¥3
462907: folds
*** FLOP *** [Jd Ac 2c] {Rake: ¥0}
657898: checks
1048775: bets ¥5.30
657898: folds
Uncalled bet (¥5.30) returned to 1048775
1048775 collected ¥7.60 from pot
*** SUMMARY ***
Total pot ¥8 | Rake ¥0.40
Board [Jd Ac 2c]
Seat 1: 1181371 folded before Flop (didn't bet)
Seat 2: 558334 folded before Flop (didn't bet)
Seat 3: 1048775 (button) collected (¥7.60)
Seat 4: 657898 (small blind) folded on the Flop
Seat 5: 462907 (big blind) folded before Flop
Seat 6: 686082 folded before Flop (didn't bet)
Hand ended at 2024/07/15 21:22:40

SupremaPoker Hand #2627223300203:  5 Card Omaha Pot Limit (¥0.50/¥1 CNY) - 2024/07/15 21:22:46 UTC
Table 'ClubId:14625,Table:SPMA_14625_26272233' 6-max Seat #4 is the button
Seat 1: 1181371 (¥154.40 in chips)
Seat 2: 558334 (¥129.85 in chips)
Seat 3: 1048775 (¥72.10 in chips)
Seat 4: 657898 (¥96.50 in chips)
Seat 5: 462907 (¥101.25 in chips)
Seat 6: 686082 (¥100 in chips)
462907: posts small blind ¥0.50
686082: posts big blind ¥1
*** HOLE CARDS ***
Dealt to 657898 [Jd 4d Ks Ah 9s]
1181371: folds
558334: raises ¥1 to ¥2
1048775: raises ¥5.50 to ¥7.50
657898: folds
462907: folds
686082: folds
558334: calls ¥5.50
*** FLOP *** [3s 7s Th] {Rake: ¥0}
558334: checks
1048775: bets ¥10.50
558334: folds
Uncalled bet (¥10.50) returned to 1048775
1048775 collected ¥15.65 from pot
*** SUMMARY ***
Total pot ¥16.50 | Rake ¥0.85
Board [3s 7s Th]
Seat 1: 1181371 folded before Flop (didn't bet)
Seat 2: 558334 folded on the Flop
Seat 3: 1048775 collected (¥15.65)
Seat 4: 657898 (button) folded before Flop (didn't bet)
Seat 5: 462907 (small blind) folded before Flop
Seat 6: 686082 (big blind) folded before Flop
Hand ended at 2024/07/15 21:23:33

SupremaPoker Hand #2627223300204:  5 Card Omaha Pot Limit (¥0.50/¥1 CNY) - 2024/07/15 21:23:39 UTC
Table 'ClubId:14625,Table:SPMA_14625_26272233' 6-max Seat #5 is the button
Seat 1: 1181371 (¥154.40 in chips)
Seat 2: 558334 (¥122.35 in chips)
Seat 3: 1048775 (¥80.25 in chips)
Seat 4: 657898 (¥96.50 in chips)
Seat 5: 462907 (¥100.75 in chips)
Seat 6: 686082 (¥100 in chips)
686082: posts small blind ¥0.50
1181371: posts big blind ¥1
*** HOLE CARDS ***
Dealt to 657898 [8c 9d 2d 9s 6c]
558334: raises ¥1 to ¥2
1048775: folds
657898: folds
462907: folds
686082: folds
1181371: raises ¥4.50 to ¥6.50
558334: calls ¥4.50
*** FLOP *** [3h 7h 9c] {Rake: ¥0}
1181371: checks
558334: checks
*** TURN *** [3h 7h 9c] [6h] {Rake: ¥0}
1181371: checks
558334: bets ¥13.50
1181371: calls ¥13.50
*** RIVER *** [3h 7h 9c 6h] [3d] {Rake: ¥0}
1181371: checks
558334: bets ¥20.25
1181371: folds
Uncalled bet (¥20.25) returned to 558334
558334 collected ¥37.95 from pot
*** SUMMARY ***
Total pot ¥40.50 | Rake ¥2.55
Board [3h 7h 9c 6h 3d]
Seat 1: 1181371 (big blind) folded on the River
Seat 2: 558334 collected (¥37.95)
Seat 3: 1048775 folded before Flop (didn't bet)
Seat 4: 657898 folded before Flop (didn't bet)
Seat 5: 462907 (button) folded before Flop (didn't bet)
Seat 6: 686082 (small blind) folded before Flop
Hand ended at 2024/07/15 21:25:03

SupremaPoker Hand #2627223300205:  5 Card Omaha Pot Limit (¥0.50/¥1 CNY) - 2024/07/15 21:25:10 UTC
Table 'ClubId:14625,Table:SPMA_14625_26272233' 6-max Seat #6 is the button
Seat 1: 1181371 (¥134.40 in chips)
Seat 2: 558334 (¥140.30 in chips)
Seat 3: 1048775 (¥80.25 in chips)
Seat 4: 657898 (¥96.50 in chips)
Seat 5: 462907 (¥100.75 in chips)
Seat 6: 686082 (¥100 in chips)
1181371: posts small blind ¥0.50
558334: posts big blind ¥1
*** HOLE CARDS ***
Dealt to 657898 [Qh 9s 9d Ks 7s]
1048775: folds
657898: folds
462907: calls ¥1
686082: folds
1181371: folds
558334: raises ¥2.50 to ¥3.50
462907: calls ¥2.50
*** FLOP *** [Qc Kd Kh] {Rake: ¥0}
558334: bets ¥3.25
462907: folds
Uncalled bet (¥3.25) returned to 558334
558334 collected ¥7.10 from pot
*** SUMMARY ***
Total pot ¥7.50 | Rake ¥0.40
Board [Qc Kd Kh]
Seat 1: 1181371 (small blind) folded before Flop
Seat 2: 558334 (big blind) collected (¥7.10)
Seat 3: 1048775 folded before Flop (didn't bet)
Seat 4: 657898 folded before Flop (didn't bet)
Seat 5: 462907 folded on the Flop
Seat 6: 686082 (button) folded before Flop (didn't bet)
Hand ended at 2024/07/15 21:26:06

SupremaPoker Hand #2627223300206:  5 Card Omaha Pot Limit (¥0.50/¥1 CNY) - 2024/07/15 21:26:12 UTC
Table 'ClubId:14625,Table:SPMA_14625_26272233' 6-max Seat #1 is the button
Seat 1: 1181371 (¥133.90 in chips)
Seat 2: 558334 (¥143.90 in chips)
Seat 3: 1048775 (¥80.25 in chips)
Seat 4: 657898 (¥96.50 in chips)
Seat 5: 462907 (¥97.25 in chips)
Seat 6: 686082 (¥100 in chips)
558334: posts small blind ¥0.50
1048775: posts big blind ¥1
*** HOLE CARDS ***
Dealt to 657898 [3s 3c 9d Ks Kd]
657898: raises ¥2.50 to ¥3.50
462907: folds
686082: folds
1181371: calls ¥3.50
558334: folds
1048775: calls ¥2.50
*** FLOP *** [Js 8d 5s] {Rake: ¥0}
1048775: checks
657898: bets ¥7.35
1181371: calls ¥7.35
1048775: folds
*** TURN *** [Js 8d 5s] [Qd] {Rake: ¥0}
657898: bets ¥25.70
1181371: folds
Uncalled bet (¥25.70) returned to 657898
657898 collected ¥23.90 from pot
*** SUMMARY ***
Total pot ¥25.70 | Rake ¥1.80
Board [Js 8d 5s Qd]
Seat 1: 1181371 (button) folded on the Turn
Seat 2: 558334 (small blind) folded before Flop
Seat 3: 1048775 (big blind) folded on the Flop
Seat 4: 657898 collected (¥23.90)
Seat 5: 462907 folded before Flop (didn't bet)
Seat 6: 686082 folded before Flop (didn't bet)
Hand ended at 2024/07/15 21:27:30

SupremaPoker Hand #2627223300207:  5 Card Omaha Pot Limit (¥0.50/¥1 CNY) - 2024/07/15 21:27:36 UTC
Table 'ClubId:14625,Table:SPMA_14625_26272233' 6-max Seat #2 is the button
Seat 1: 1181371 (¥123.05 in chips)
Seat 2: 558334 (¥143.40 in chips)
Seat 3: 1048775 (¥76.75 in chips)
Seat 4: 657898 (¥109.55 in chips)
Seat 5: 462907 (¥97.25 in chips)
Seat 6: 686082 (¥100 in chips)
1048775: posts small blind ¥0.50
657898: posts big blind ¥1
*** HOLE CARDS ***
Dealt to 657898 [8d Jc 7h 7d Kd]
462907: calls ¥1
686082: folds
1181371: folds
558334: raises ¥3.50 to ¥4.50
1048775: folds
657898: calls ¥3.50
462907: calls ¥3.50
*** FLOP *** [6d Ah Th] {Rake: ¥0}
657898: checks
462907: checks
558334: bets ¥14
657898: calls ¥14
462907: folds
*** TURN *** [6d Ah Th] [Ts] {Rake: ¥0}
657898: checks
558334: checks
*** RIVER *** [6d Ah Th Ts] [2s] {Rake: ¥0}
657898: checks
558334: bets ¥42
657898: folds
Uncalled bet (¥42) returned to 558334
558334 collected ¥39.40 from pot
*** SUMMARY ***
Total pot ¥42 | Rake ¥2.60
Board [6d Ah Th Ts 2s]
Seat 1: 1181371 folded before Flop (didn't bet)
Seat 2: 558334 (button) collected (¥39.40)
Seat 3: 1048775 (small blind) folded before Flop
Seat 4: 657898 (big blind) folded on the River
Seat 5: 462907 folded on the Flop
Seat 6: 686082 folded before Flop (didn't bet)
Hand ended at 2024/07/15 21:29:02

SupremaPoker Hand #2627223300208:  5 Card Omaha Pot Limit (¥0.50/¥1 CNY) - 2024/07/15 21:29:09 UTC
Table 'ClubId:14625,Table:SPMA_14625_26272233' 6-max Seat #3 is the button
Seat 1: 1181371 (¥123.05 in chips)
Seat 2: 558334 (¥164.30 in chips)
Seat 3: 1048775 (¥76.25 in chips)
Seat 4: 657898 (¥91.05 in chips)
Seat 5: 462907 (¥92.75 in chips)
Seat 6: 686082 (¥100 in chips)
657898: posts small blind ¥0.50
462907: posts big blind ¥1
*** HOLE CARDS ***
Dealt to 657898 [8h Ac 3s 4s Qd]
686082: raises ¥2.50 to ¥3.50
1181371: folds
558334: folds
1048775: folds
657898: folds
462907: folds
Uncalled bet (¥2.50) returned to 686082
686082 collected ¥2.50 from pot
*** SUMMARY ***
Total pot ¥2.50 | Rake ¥0
Seat 1: 1181371 folded before Flop (didn't bet)
Seat 2: 558334 folded before Flop (didn't bet)
Seat 3: 1048775 (button) folded before Flop (didn't bet)
Seat 4: 657898 (small blind) folded before Flop
Seat 5: 462907 (big blind) folded before Flop
Seat 6: 686082 collected (¥2.50)
Hand ended at 2024/07/15 21:29:49

SupremaPoker Hand #2627223300209:  5 Card Omaha Pot Limit (¥0.50/¥1 CNY) - 2024/07/15 21:29:58 UTC
Table 'ClubId:14625,Table:SPMA_14625_26272233' 6-max Seat #4 is the button
Seat 1: 1181371 (¥123.05 in chips)
Seat 2: 558334 (¥164.30 in chips)
Seat 3: 1048775 (¥76.25 in chips)
Seat 4: 657898 (¥90.55 in chips)
Seat 5: 462907 (¥91.75 in chips)
Seat 6: 686082 (¥101.50 in chips)
462907: posts small blind ¥0.50
686082: posts big blind ¥1
*** HOLE CARDS ***
Dealt to 657898 [Js Td 8d As 2s]
1181371: folds
558334: folds
1048775: raises ¥2.50 to ¥3.50
657898: calls ¥3.50
462907: folds
686082: folds
*** FLOP *** [Ah 7c 5h] {Rake: ¥0}
1048775: checks
657898: checks
*** TURN *** [Ah 7c 5h] [4h] {Rake: ¥0}
1048775: checks
657898: checks
*** RIVER *** [Ah 7c 5h 4h] [5s] {Rake: ¥0}
1048775: checks
657898: checks
*** SHOW DOWN ***
1048775: mucks hand
657898: mucks hand
1048775 collected ¥8.05 from pot
*** SUMMARY ***
Total pot ¥8.50 | Rake ¥0.45
Board [Ah 7c 5h 4h 5s]
Seat 1: 1181371 folded before Flop (didn't bet)
Seat 2: 558334 folded before Flop (didn't bet)
Seat 3: 1048775 showed [7d Ks 9h Kd Th]
Seat 4: 657898 (button) mucked
Seat 5: 462907 (small blind) folded before Flop
Seat 6: 686082 (big blind) folded before Flop
Hand ended at 2024/07/15 21:31:11

SupremaPoker Hand #2627223300210:  5 Card Omaha Pot Limit (¥0.50/¥1 CNY) - 2024/07/15 21:31:20 UTC
Table 'ClubId:14625,Table:SPMA_14625_26272233' 6-max Seat #5 is the button
Seat 1: 1181371 (¥123.05 in chips)
Seat 2: 558334 (¥164.30 in chips)
Seat 3: 1048775 (¥80.80 in chips)
Seat 4: 657898 (¥87.05 in chips)
Seat 5: 462907 (¥91.25 in chips)
Seat 6: 686082 (¥100.50 in chips)
686082: posts small blind ¥0.50
1181371: posts big blind ¥1
*** HOLE CARDS ***
Dealt to 657898 [6h Ac 2h Ts 5h]
558334: calls ¥1
1048775: folds
657898: folds
462907: folds
686082: folds
1181371: checks
*** FLOP *** [4h Qc Tc] {Rake: ¥0}
1181371: checks
558334: bets ¥2.50
1181371: folds
Uncalled bet (¥2.50) returned to 558334
558334 collected ¥2.50 from pot
*** SUMMARY ***
Total pot ¥2.50 | Rake ¥0
Board [4h Qc Tc]
Seat 1: 1181371 (big blind) folded on the Flop
Seat 2: 558334 collected (¥2.50)
Seat 3: 1048775 folded before Flop (didn't bet)
Seat 4: 657898 folded before Flop (didn't bet)
Seat 5: 462907 (button) folded before Flop (didn't bet)
Seat 6: 686082 (small blind) folded before Flop
Hand ended at 2024/07/15 21:32:09

SupremaPoker Hand #2627223300211:  5 Card Omaha Pot Limit (¥0.50/¥1 CNY) - 2024/07/15 21:32:16 UTC
Table 'ClubId:14625,Table:SPMA_14625_26272233' 6-max Seat #6 is the button
Seat 1: 1181371 (¥122.05 in chips)
Seat 2: 558334 (¥165.80 in chips)
Seat 3: 1048775 (¥80.80 in chips)
Seat 4: 657898 (¥100 in chips)
Seat 5: 462907 (¥91.25 in chips)
Seat 6: 686082 (¥100 in chips)
1181371: posts small blind ¥0.50
558334: posts big blind ¥1
*** HOLE CARDS ***
Dealt to 657898 [7h Js 6c Ah Ts]
1048775: folds
657898: raises ¥2.50 to ¥3.50
462907: folds
686082: folds
1181371: folds
558334: calls ¥2.50
*** FLOP *** [Qs 4d 8d] {Rake: ¥0}
558334: checks
657898: checks
*** TURN *** [Qs 4d 8d] [6h] {Rake: ¥0}
558334: bets ¥5.60
657898: calls ¥5.60
*** RIVER *** [Qs 4d 8d 6h] [5d] {Rake: ¥0}
558334: checks
657898: checks
*** SHOW DOWN ***
558334: mucks hand
657898: shows [7h Js 6c Ah Ts] (a straight, Four to Eight)
657898 collected ¥17.75 from pot
*** SUMMARY ***
Total pot ¥18.70 | Rake ¥0.95
Board [Qs 4d 8d 6h 5d]
Seat 1: 1181371 (small blind) folded before Flop
Seat 2: 558334 (big blind) showed [Qc 3d Qh 4s 2s]
Seat 3: 1048775 folded before Flop (didn't bet)
Seat 4: 657898 showed [7h Js 6c Ah Ts] and won (¥17.75) with a straight, Four to Eight
Seat 5: 462907 folded before Flop (didn't bet)
Seat 6: 686082 (button) folded before Flop (didn't bet)
Hand ended at 2024/07/15 21:33:07

SupremaPoker Hand #2627223300212:  5 Card Omaha Pot Limit (¥0.50/¥1 CNY) - 2024/07/15 21:33:19 UTC
Table 'ClubId:14625,Table:SPMA_14625_26272233' 6-max Seat #1 is the button
Seat 1: 1181371 (¥121.55 in chips)
Seat 2: 558334 (¥156.70 in chips)
Seat 3: 1048775 (¥80.80 in chips)
Seat 4: 657898 (¥108.65 in chips)
Seat 5: 462907 (¥91.25 in chips)
Seat 6: 686082 (¥100 in chips)
558334: posts small blind ¥0.50
1048775: posts big blind ¥1
*** HOLE CARDS ***
Dealt to 657898 [6s Kd Kh Td 4h]
657898: raises ¥2.50 to ¥3.50
462907: folds
686082: folds
1181371: folds
558334: folds
1048775: calls ¥2.50
*** FLOP *** [Qd 8d 8h] {Rake: ¥0}
1048775: checks
657898: checks
*** TURN *** [Qd 8d 8h] [8s] {Rake: ¥0}
1048775: checks
657898: bets ¥2.50
1048775: calls ¥2.50
*** RIVER *** [Qd 8d 8h 8s] [Jd] {Rake: ¥0}
1048775: checks
657898: bets ¥6.25
1048775: calls ¥6.25
*** SHOW DOWN ***
657898: shows [6s Kd Kh Td 4h] (a full house, Eights full of Kings)
1048775: mucks hand
1048775 collected ¥23.25 from pot
*** SUMMARY ***
Total pot ¥25 | Rake ¥1.75
Board [Qd 8d 8h 8s Jd]
Seat 1: 1181371 (button) folded before Flop (didn't bet)
Seat 2: 558334 (small blind) folded before Flop
Seat 3: 1048775 (big blind) showed [Jh 2h Ks Js 7h]
Seat 4: 657898 showed [6s Kd Kh Td 4h] and lost with a full house, Eights full of Kings
Seat 5: 462907 folded before Flop (didn't bet)
Seat 6: 686082 folded before Flop (didn't bet)
Hand ended at 2024/07/15 21:34:15

SupremaPoker Hand #2627223300213:  5 Card Omaha Pot Limit (¥0.50/¥1 CNY) - 2024/07/15 21:34:24 UTC
Table 'ClubId:14625,Table:SPMA_14625_26272233' 6-max Seat #2 is the button
Seat 1: 1181371 (¥121.55 in chips)
Seat 2: 558334 (¥156.20 in chips)
Seat 3: 1048775 (¥91.80 in chips)
Seat 4: 657898 (¥96.40 in chips)
Seat 5: 462907 (¥91.25 in chips)
Seat 6: 686082 (¥100 in chips)
1048775: posts small blind ¥0.50
657898: posts big blind ¥1
*** HOLE CARDS ***
Dealt to 657898 [Ac 2s 8s 7c Ks]
462907: calls ¥1
686082: folds
1181371: folds
558334: folds
1048775: calls ¥0.50
657898: raises ¥3 to ¥4
462907: calls ¥3
1048775: calls ¥3
*** FLOP *** [3c Jh 2c] {Rake: ¥0}
1048775: checks
657898: bets ¥8
462907: calls ¥8
1048775: calls ¥8
*** TURN *** [3c Jh 2c] [5s] {Rake: ¥0}
1048775: bets ¥36
657898: folds
462907: folds
Uncalled bet (¥36) returned to 1048775
1048775 collected ¥33.70 from pot
*** SUMMARY ***
Total pot ¥36 | Rake ¥2.30
Board [3c Jh 2c 5s]
Seat 1: 1181371 folded before Flop (didn't bet)
Seat 2: 558334 (button) folded before Flop (didn't bet)
Seat 3: 1048775 (small blind) collected (¥33.70)
Seat 4: 657898 (big blind) folded on the Turn
Seat 5: 462907 folded on the Turn
Seat 6: 686082 folded before Flop (didn't bet)
Hand ended at 2024/07/15 21:35:43

SupremaPoker Hand #2627223300214:  5 Card Omaha Pot Limit (¥0.50/¥1 CNY) - 2024/07/15 21:35:50 UTC
Table 'ClubId:14625,Table:SPMA_14625_26272233' 6-max Seat #3 is the button
Seat 1: 1181371 (¥121.55 in chips)
Seat 2: 558334 (¥156.20 in chips)
Seat 3: 1048775 (¥113.50 in chips)
Seat 4: 657898 (¥100 in chips)
Seat 5: 462907 (¥79.25 in chips)
Seat 6: 686082 (¥100 in chips)
657898: posts small blind ¥0.50
462907: posts big blind ¥1
*** HOLE CARDS ***
Dealt to 657898 [6d 7h Jh 8c 4h]
686082: folds
1181371: raises ¥2.50 to ¥3.50
558334: calls ¥3.50
1048775: calls ¥3.50
657898: folds
462907: calls ¥2.50
*** FLOP *** [2s 2d 2h] {Rake: ¥0}
462907: checks
1181371: checks
558334: checks
1048775: checks
*** TURN *** [2s 2d 2h] [Qh] {Rake: ¥0}
462907: checks
1181371: bets ¥6
558334: calls ¥6
1048775: folds
462907: folds
*** RIVER *** [2s 2d 2h Qh] [Js] {Rake: ¥0}
1181371: checks
558334: bets ¥26.50
1181371: folds
Uncalled bet (¥26.50) returned to 558334
558334 collected ¥24.65 from pot
*** SUMMARY ***
Total pot ¥26.50 | Rake ¥1.85
Board [2s 2d 2h Qh Js]
Seat 1: 1181371 folded on the River
Seat 2: 558334 collected (¥24.65)
Seat 3: 1048775 (button) folded on the Turn
Seat 4: 657898 (small blind) folded before Flop
Seat 5: 462907 (big blind) folded on the Turn
Seat 6: 686082 folded before Flop (didn't bet)
Hand ended at 2024/07/15 21:37:01

SupremaPoker Hand #2627223300215:  5 Card Omaha Pot Limit (¥0.50/¥1 CNY) - 2024/07/15 21:37:08 UTC
Table 'ClubId:14625,Table:SPMA_14625_26272233' 6-max Seat #4 is the button
Seat 1: 1181371 (¥112.05 in chips)
Seat 2: 558334 (¥171.35 in chips)
Seat 3: 1048775 (¥110 in chips)
Seat 4: 657898 (¥99.50 in chips)
Seat 5: 462907 (¥75.75 in chips)
Seat 6: 686082 (¥100 in chips)
462907: posts small blind ¥0.50
686082: posts big blind ¥1
*** HOLE CARDS ***
Dealt to 657898 [Ks Jd 9h 5d 3c]
1181371: folds
558334: raises ¥1 to ¥2
1048775: folds
657898: folds
462907: folds
686082: folds
Uncalled bet (¥1) returned to 558334
558334 collected ¥2.50 from pot
*** SUMMARY ***
Total pot ¥2.50 | Rake ¥0
Seat 1: 1181371 folded before Flop (didn't bet)
Seat 2: 558334 collected (¥2.50)
Seat 3: 1048775 folded before Flop (didn't bet)
Seat 4: 657898 (button) folded before Flop (didn't bet)
Seat 5: 462907 (small blind) folded before Flop
Seat 6: 686082 (big blind) folded before Flop
Hand ended at 2024/07/15 21:37:29

SupremaPoker Hand #2627223300216:  5 Card Omaha Pot Limit (¥0.50/¥1 CNY) - 2024/07/15 21:37:38 UTC
Table 'ClubId:14625,Table:SPMA_14625_26272233' 6-max Seat #5 is the button
Seat 1: 1181371 (¥112.05 in chips)
Seat 2: 558334 (¥172.85 in chips)
Seat 3: 1048775 (¥110 in chips)
Seat 4: 657898 (¥99.50 in chips)
Seat 5: 462907 (¥75.25 in chips)
Seat 6: 686082 (¥100 in chips)
686082: posts small blind ¥0.50
1181371: posts big blind ¥1
*** HOLE CARDS ***
Dealt to 657898 [7h Kh Ah 2d 7s]
558334: folds
1048775: folds
657898: folds
462907: folds
686082: raises ¥2 to ¥3
1181371: folds
Uncalled bet (¥2) returned to 686082
686082 collected ¥2 from pot
*** SUMMARY ***
Total pot ¥2 | Rake ¥0
Seat 1: 1181371 (big blind) folded before Flop
Seat 2: 558334 folded before Flop (didn't bet)
Seat 3: 1048775 folded before Flop (didn't bet)
Seat 4: 657898 folded before Flop (didn't bet)
Seat 5: 462907 (button) folded before Flop (didn't bet)
Seat 6: 686082 (small blind) collected (¥2)
Hand ended at 2024/07/15 21:38:20

SupremaPoker Hand #2627223300217:  5 Card Omaha Pot Limit (¥0.50/¥1 CNY) - 2024/07/15 21:38:29 UTC
Table 'ClubId:14625,Table:SPMA_14625_26272233' 6-max Seat #6 is the button
Seat 1: 1181371 (¥111.05 in chips)
Seat 2: 558334 (¥172.85 in chips)
Seat 3: 1048775 (¥110 in chips)
Seat 4: 657898 (¥99.50 in chips)
Seat 5: 462907 (¥75.25 in chips)
Seat 6: 686082 (¥101 in chips)
1181371: posts small blind ¥0.50
558334: posts big blind ¥1
*** HOLE CARDS ***
Dealt to 657898 [6s 9d 4c 3s Ah]
1048775: raises ¥2.50 to ¥3.50
657898: folds
462907: folds
686082: folds
1181371: folds
558334: calls ¥2.50
*** FLOP *** [Ad 2c 3c] {Rake: ¥0}
558334: checks
1048775: checks
*** TURN *** [Ad 2c 3c] [Th] {Rake: ¥0}
558334: bets ¥7.50
1048775: folds
Uncalled bet (¥7.50) returned to 558334
558334 collected ¥7.10 from pot
*** SUMMARY ***
Total pot ¥7.50 | Rake ¥0.40
Board [Ad 2c 3c Th]
Seat 1: 1181371 (small blind) folded before Flop
Seat 2: 558334 (big blind) collected (¥7.10)
Seat 3: 1048775 folded on the Turn
Seat 4: 657898 folded before Flop (didn't bet)
Seat 5: 462907 folded before Flop (didn't bet)
Seat 6: 686082 (button) folded before Flop (didn't bet)
Hand ended at 2024/07/15 21:39:37

SupremaPoker Hand #2627223300218:  5 Card Omaha Pot Limit (¥0.50/¥1 CNY) - 2024/07/15 21:39:43 UTC
Table 'ClubId:14625,Table:SPMA_14625_26272233' 6-max Seat #1 is the button
Seat 1: 1181371 (¥110.55 in chips)
Seat 2: 558334 (¥176.45 in chips)
Seat 3: 1048775 (¥106.50 in chips)
Seat 4: 657898 (¥99.50 in chips)
Seat 5: 462907 (¥75.25 in chips)
Seat 6: 686082 (¥101 in chips)
558334: posts small blind ¥0.50
1048775: posts big blind ¥1
*** HOLE CARDS ***
Dealt to 657898 [7c 6h Td Kc 3d]
657898: folds
462907: calls ¥1
686082: folds
1181371: folds
558334: calls ¥0.50
1048775: checks
*** FLOP *** [2c 9d Ks] {Rake: ¥0}
558334: checks
1048775: checks
462907: bets ¥3
558334: folds
1048775: calls ¥3
*** TURN *** [2c 9d Ks] [Qs] {Rake: ¥0}
1048775: checks
462907: bets ¥6
1048775: calls ¥6
*** RIVER *** [2c 9d Ks Qs] [Js] {Rake: ¥0}
1048775: checks
462907: checks
*** SHOW DOWN ***
1048775: mucks hand
462907: mucks hand
1048775 collected ¥19.45 from pot
*** SUMMARY ***
Total pot ¥21 | Rake ¥1.55
Board [2c 9d Ks Qs Js]
Seat 1: 1181371 (button) folded before Flop (didn't bet)
Seat 2: 558334 (small blind) folded on the Flop
Seat 3: 1048775 (big blind) showed [Jd 9h 9s Ts 6s]
Seat 4: 657898 folded before Flop (didn't bet)
Seat 5: 462907 mucked
Seat 6: 686082 folded before Flop (didn't bet)
Hand ended at 2024/07/15 21:40:48

SupremaPoker Hand #2627223300219:  5 Card Omaha Pot Limit (¥0.50/¥1 CNY) - 2024/07/15 21:40:57 UTC
Table 'ClubId:14625,Table:SPMA_14625_26272233' 6-max Seat #2 is the button
Seat 1: 1181371 (¥110.55 in chips)
Seat 2: 558334 (¥175.45 in chips)
Seat 3: 1048775 (¥115.95 in chips)
Seat 4: 657898 (¥99.50 in chips)
Seat 5: 462907 (¥65.25 in chips)
Seat 6: 686082 (¥101 in chips)
1048775: posts small blind ¥0.50
657898: posts big blind ¥1
*** HOLE CARDS ***
Dealt to 657898 [Jd 8d 8s Kc Td]
462907: folds
686082: folds
1181371: folds
558334: raises ¥1 to ¥2
1048775: folds
657898: calls ¥1
*** FLOP *** [5h 9h 4c] {Rake: ¥0}
657898: checks
558334: bets ¥4.50
657898: folds
Uncalled bet (¥4.50) returned to 558334
558334 collected ¥4.50 from pot
*** SUMMARY ***
Total pot ¥4.50 | Rake ¥0
Board [5h 9h 4c]
Seat 1: 1181371 folded before Flop (didn't bet)
Seat 2: 558334 (button) collected (¥4.50)
Seat 3: 1048775 (small blind) folded before Flop
Seat 4: 657898 (big blind) folded on the Flop
Seat 5: 462907 folded before Flop (didn't bet)
Seat 6: 686082 folded before Flop (didn't bet)
Hand ended at 2024/07/15 21:41:39

SupremaPoker Hand #2627223300220:  5 Card Omaha Pot Limit (¥0.50/¥1 CNY) - 2024/07/15 21:41:46 UTC
Table 'ClubId:14625,Table:SPMA_14625_26272233' 6-max Seat #3 is the button
Seat 1: 1181371 (¥110.55 in chips)
Seat 2: 558334 (¥177.95 in chips)
Seat 3: 1048775 (¥115.45 in chips)
Seat 4: 657898 (¥97.50 in chips)
Seat 5: 462907 (¥65.25 in chips)
Seat 6: 686082 (¥101 in chips)
657898: posts small blind ¥0.50
462907: posts big blind ¥1
*** HOLE CARDS ***
Dealt to 657898 [8d Ah Ac 6s 4s]
686082: folds
1181371: raises ¥2 to ¥3
558334: folds
1048775: folds
657898: calls ¥2.50
462907: calls ¥2
*** FLOP *** [5d 6d 8c] {Rake: ¥0}
657898: checks
462907: checks
1181371: checks
*** TURN *** [5d 6d 8c] [Kc] {Rake: ¥0}
657898: checks
462907: checks
1181371: bets ¥6
657898: folds
462907: folds
Uncalled bet (¥6) returned to 1181371
1181371 collected ¥8.55 from pot
*** SUMMARY ***
Total pot ¥9 | Rake ¥0.45
Board [5d 6d 8c Kc]
Seat 1: 1181371 collected (¥8.55)
Seat 2: 558334 folded before Flop (didn't bet)
Seat 3: 1048775 (button) folded before Flop (didn't bet)
Seat 4: 657898 (small blind) folded on the Turn
Seat 5: 462907 (big blind) folded on the Turn
Seat 6: 686082 folded before Flop (didn't bet)
Hand ended at 2024/07/15 21:43:30

SupremaPoker Hand #2627223300221:  5 Card Omaha Pot Limit (¥0.50/¥1 CNY) - 2024/07/15 21:43:37 UTC
Table 'ClubId:14625,Table:SPMA_14625_26272233' 6-max Seat #4 is the button
Seat 1: 1181371 (¥116.10 in chips)
Seat 2: 558334 (¥177.95 in chips)
Seat 3: 1048775 (¥115.45 in chips)
Seat 4: 657898 (¥94.50 in chips)
Seat 5: 462907 (¥62.25 in chips)
Seat 6: 686082 (¥101 in chips)
462907: posts small blind ¥0.50
686082: posts big blind ¥1
*** HOLE CARDS ***
Dealt to 657898 [3c 9s 2h Kh 2s]
1181371: folds
558334: folds
1048775: raises ¥2.50 to ¥3.50
657898: folds
462907: folds
686082: folds
Uncalled bet (¥2.50) returned to 1048775
1048775 collected ¥2.50 from pot
*** SUMMARY ***
Total pot ¥2.50 | Rake ¥0
Seat 1: 1181371 folded before Flop (didn't bet)
Seat 2: 558334 folded before Flop (didn't bet)
Seat 3: 1048775 collected (¥2.50)
Seat 4: 657898 (button) folded before Flop (didn't bet)
Seat 5: 462907 (small blind) folded before Flop
Seat 6: 686082 (big blind) folded before Flop
Hand ended at 2024/07/15 21:44:06

SupremaPoker Hand #2627223300222:  5 Card Omaha Pot Limit (¥0.50/¥1 CNY) - 2024/07/15 21:44:13 UTC
Table 'ClubId:14625,Table:SPMA_14625_26272233' 6-max Seat #5 is the button
Seat 1: 1181371 (¥116.10 in chips)
Seat 2: 558334 (¥177.95 in chips)
Seat 3: 1048775 (¥116.95 in chips)
Seat 4: 657898 (¥94.50 in chips)
Seat 5: 462907 (¥61.75 in chips)
Seat 6: 686082 (¥100 in chips)
686082: posts small blind ¥0.50
1181371: posts big blind ¥1
*** HOLE CARDS ***
Dealt to 657898 [3d Jd 2c 7s 8c]
558334: folds
1048775: raises ¥2.50 to ¥3.50
657898: folds
462907: folds
686082: folds
1181371: folds
Uncalled bet (¥2.50) returned to 1048775
1048775 collected ¥2.50 from pot
*** SUMMARY ***
Total pot ¥2.50 | Rake ¥0
Seat 1: 1181371 (big blind) folded before Flop
Seat 2: 558334 folded before Flop (didn't bet)
Seat 3: 1048775 collected (¥2.50)
Seat 4: 657898 folded before Flop (didn't bet)
Seat 5: 462907 (button) folded before Flop (didn't bet)
Seat 6: 686082 (small blind) folded before Flop
Hand ended at 2024/07/15 21:44:44

SupremaPoker Hand #2627223300223:  5 Card Omaha Pot Limit (¥0.50/¥1 CNY) - 2024/07/15 21:44:50 UTC
Table 'ClubId:14625,Table:SPMA_14625_26272233' 6-max Seat #6 is the button
Seat 1: 1181371 (¥115.10 in chips)
Seat 2: 558334 (¥177.95 in chips)
Seat 3: 1048775 (¥118.45 in chips)
Seat 4: 657898 (¥94.50 in chips)
Seat 5: 462907 (¥61.75 in chips)
Seat 6: 686082 (¥100 in chips)
1181371: posts small blind ¥0.50
558334: posts big blind ¥1
*** HOLE CARDS ***
Dealt to 657898 [7s 2d 6d 3h 5h]
1048775: folds
657898: folds
462907: raises ¥2 to ¥3
686082: folds
1181371: calls ¥2.50
558334: raises ¥9 to ¥12
462907: calls ¥9
1181371: calls ¥9
*** FLOP *** [5c 7d 3d] {Rake: ¥0}
1181371: checks
558334: checks
462907: checks
*** TURN *** [5c 7d 3d] [4s] {Rake: ¥0}
1181371: checks
558334: bets ¥22.50
462907: raises ¥27.25 to ¥49.75 and is all-in
1181371: folds
558334: folds
Uncalled bet (¥27.25) returned to 462907
462907 collected ¥76.45 from pot
*** SUMMARY ***
Total pot ¥81 | Rake ¥4.55
Board [5c 7d 3d 4s]
Seat 1: 1181371 (small blind) folded on the Turn
Seat 2: 558334 (big blind) folded on the Turn
Seat 3: 1048775 folded before Flop (didn't bet)
Seat 4: 657898 folded before Flop (didn't bet)
Seat 5: 462907 collected (¥76.45)
Seat 6: 686082 (button) folded before Flop (didn't bet)
Hand ended at 2024/07/15 21:46:05
